@article{olick-robbins_ars1998,
  author     = {Olick, Jeffrey K. and Robbins, Joyce},
  date       = {1998},
  pages      = {105--140},
  shorttitle = {Social Memory Studies},
  title      = {Social Memory Studies: From `Collective Memory' to the Historical Sociology of Mnemonic Practices},
  volume     = {24},
  xdata      = {journal_ars},
}

