@book{abbott2008,
  author  = {Abbott, H. Porter},
  date    = {2008},
  edition = {2},
  title   = {The Cambridge Introduction to Narrative},
  xdata   = {pub_cambridge},
}

@book{avigad-yadin1956,
  author     = {Avigad, Nahman and Yadin, Yigael},
  date       = {1956},
  shorttitle = {A Genesis Apocryphon},
  title      = {A Genesis Apocryphon: A Scroll from the Wilderness of Judaea},
  xdata      = {pub_magness},
}

@article{bernstein_jbl2009,
  author = {Bernstein, Moshe},
  date   = {2009},
  pages  = {291--310},
  title  = {Divine Titles and Epithets and the Sources in the Genesis Apocryphon},
  volume = {128},
  xdata  = {journal_jbl},
}

@article{bernstein_as2010,
  author = {Bernstein, Moshe J.},
  date   = {2010},
  pages  = {107--134},
  title  = {Is the Genesis Apocryphon a Unity? What Sort of Unity Were You Looking For?},
  volume = {8},
  xdata  = {journal_as},
}

@incollection{bernstein_chazon-etal1999,
  author   = {Bernstein, Moshe J.},
  crossref = {chazon-etal1999},
  pages    = {1--26},
  title    = {Pseudepigraphy in the Qumran Scrolls: Categories and Functions},
}

@incollection{blum_barton-etal2007,
  author     = {Blum, Erhard},
  crossref   = {barton-etal2007},
  pages      = {25--45},
  shorttitle = {Historiography or Poetry?},
  title      = {Historiography or Poetry? The Nature of the Hebrew Bible Prose Tradition},
}

@incollection{collins_chazon-etal1999,
  author   = {Collins, John J.},
  crossref = {chazon-etal1999},
  pages    = {43--58},
  title    = {Pseaudepigraphy and Group Formation in Second Temple Judaism},
}

@incollection{dacy_tzoref2013,
  author     = {Dacy, Marianne},
  crossref   = {tzoref2013},
  pages      = {217--232},
  shorttitle = {Plant Symbolism},
  title      = {Plant Symbolism and the Dreams of Noah and Abram in the Genesis Apocryphon},
}

@incollection{eshel_klostergaard-etal2009,
  author     = {Eshel, Esther},
  crossref   = {klostergaard-etal2009},
  pages      = {41--61},
  shorttitle = {The Dream Visions in the Noah Story},
  title      = {The Dream Visions in the Noah Story of the Genesis Apocryphon and Related Texts},
}

@incollection{eshel_roitman-etal2011,
  author   = {Eshel, Esther},
  crossref = {roitman-etal2011},
  pages    = {182--193},
  title    = {The Genesis Apocryphon: A Chain of Traditions},
}

@book{fitzmyer2004,
  author      = {Fitzmyer, Joseph A.},
  location    = {Rome},
  publisher   = {Biblical Institute Press},
  booktitle   = {The Genesis Apocryphon of Qumran Cave 1},
  date        = {2004},
  edition     = {3},
  number      = {18a},
  series      = {Biblica et orientalia},
  shortseries = {BO},
  title       = {The Genesis Apocryphon of Qumran Cave 1},
}

@article{flusser_ks1956,
  author = {Flusser, D.},
  pages  = {GETTHESE},
  title  = {GETTHIS},
  xdata  = {journal_ks},
}

@book{milik1959,
  author     = {Milik, Józef T.},
  translator = {Strugnell, John},
  booktitle  = {Ten Years of Discovery in the Wilderness of Judea},
  date       = {1959},
  shorttitle = {ten Years of Discovery},
  title      = {Ten Years of Discovery in the Wilderness of Judea},
  xdata      = {pub_scm},
}

@book{gaster1976,
  author    = {Gaster, T. H.},
  booktitle = {The Dead Sea Scriptures in English Translation},
  date      = {1976},
  edition   = {3},
  title     = {The Dead Sea Scriptures in English Translation},
  xdata     = {pub_anchor},
}

@article{gevirtz_maarav1992,
  author = {Gevirtz, Marianne Luijken},
  date   = {1992},
  pages  = {229--243},
  title  = {Abram’s Dream in the Genesis Apocryphon: Its Motifs and Their Function},
  volume = {8},
  xdata  = {journal_maarav},
}

@review{hartman_cbq1966,
  author     = {Hartman, Louis F.},
  revdauthor = {Fitzmyer, Joseph A.},
  date       = {1966},
  pages      = {495--498},
  revdtitle  = {Qumran Cave 1, The Genesis Apocryphon},
  volume     = {28},
  xdata      = {journal_cbq},
}

@article{jurgens_jsj2018,
  author = {Jurgens, Blake A.},
  date   = {2018},
  pages  = {1--34},
  title  = {A Wandering Aramean in Pharaoh's Court: The Literary Relationship Between Abram's Sojourn in Egypt in 1QapGen 19-20 and Jewish Fictional Literature},
  xdata  = {journal_jsj},
}

@article{machiela_as2010,
  author = {Machiela, Daniel A.},
  date   = {2010},
  pages  = {47--69},
  title  = {Some Egyptian Elements in the Genesis Apocryphon: Evidence of a Ptolemaic Social Location?},
  volume = {8},
  xdata  = {journal_as},
}

@book{mroczek2016,
  author = {Mroczek, Eva},
  date   = {2016},
  title  = {The Literary Imagination in Jewish Antiquity},
  xdata  = {pub_oxford},
}

@book{najman2003,
  author = {Najman, Hindy},
  date   = {2003},
  title  = {Seconding Sinai : The Development of Mosaic Discourse in Second Temple Judaism},
  xdata  = {pub_brill,series_jsjsup},
}

@incollection{najman_hilhorst-puech2007,
  author   = {Najman, Hindy},
  crossref = {hilhorst-puech2007},
  pages    = {529--536},
  title    = {How Should We Contextualize Pseudepigrapha? Imitation and Emulation in 4 Ezra},
}

@incollection{nickelsburg_chazon-etal1999,
  author   = {Nickelsburg, George W. E.},
  crossref = {chazon-etal1999},
  pages    = {91--119},
  title    = {The Nature and Function of Revelation in 1 Enoch, Jubilees, and Some Qumranic Coduments},
}

@article{reed_jts2009,
  author = {Reed, Annette Yoshiko},
  date   = {2009},
  pages  = {403--436},
  title  = {The Modern Invention of 'Old Testament Pseudepigrapha'},
  volume = {60},
  xdata  = {journal_jts},
}

@incollection{reed_ditomasso-turcescu2008,
  author   = {Reed, Annette Yoshiko},
  crossref = {ditommaso-turcescu2008},
  pages    = {467--90},
  title    = {Pseudepigraphy, Authorship and the Reception of 'the Bible' in Late Antiquity},
}

@incollection{reed_towsend-moulie2011,
  author   = {Reed, Annette Yoshiko},
  crossref = {towsend-moulie2011},
  pages    = {25--42},
  title    = {Pseudepigraphy and/as Prophecy: Continuity and Transformation in the Formation and Reception of Early Enochic Writings},
}

@incollection{stuckenbruck_roitman-etal2011,
  author     = {Stuckenbruck, Loren T.},
  crossref   = {roitman-etal2011},
  pages      = {295--326},
  shorttitle = {Pseudepigraphy and First Person Discourse},
  title      = {Pseudepigraphy and First Person Discourse in the Dead Sea Documents: From the Aramaic Texts to the Writings of the \emph{Yaḥad}},
}

@incollection{tigchelaar_tigchelaar2014,
  author   = {Tigchelaar, Eibert},
  crossref = {tigchelaar2014},
  pages    = {1--18},
  title    = {Old Testament Pseudepigrapha and the Scriptures},
}

@article{trevor_basor1949,
  author = {Trever, John C.},
  date   = {1949},
  number = {115},
  pages  = {8--10},
  title  = {Identification of the Aramaic Fourth Scroll from ʿAin Feshkha},
  xdata  = {journal_basor},
}

@article{vanderkam_revq1979,
  author = {VanderKam, James C.},
  date   = {1979},
  pages  = {57--66},
  title  = {The Poetry of 1 Q Ap gen XX, 2--8a},
  volume = {10},
  xdata  = {journal_revq},
}

@article{weigold_as2010,
  author     = {Weigold, Matthias},
  pages      = {89--105},
  shorttitle = {One Voice or Many?},
  title      = {One Voice or Many? The Identity of the Narrators in Noah's Birth Story (1QapGen 1–5.27) and in the `Book of the Words of Noah' (1QapGen 5.29–18.23)},
  xdata      = {journal_as},
}

@book{wills1990,
  author = {Wills, Lawrence},
  date   = {1990},
  title  = {The Jew in the Court of the Foreign King},
  xdata  = {pub_fortress_minn},
}

@book{wills1995,
  author = {Wills, Lawrence},
  date   = {1995},
  title  = {The Jewish Novel in the Ancient World},
  xdata  = {pub_cornell},
}

@book{wills2002,
  author = {Wills, Lawrence},
  date   = {2002},
  title  = {Ancient Jewish Novels: An Anthology},
  xdata  = {pub_oxford},
}

@article{wills_jsj2011,
  author = {Wills, Lawrence},
  date   = {2011},
  pages  = {141--165},
  title  = {Jewish Novellas in a Greek and Roman Age: Fiction and Identity},
  volume = {42},
  xdata  = {journal_jsj},
}

