@book{kugel2012,
  author    = {Kugel, James L.},
  booktitle = {A Walk Through Jubilees: Studies in the Book of Jubilees and the World of Its Creation},
  date      = {2012},
  number    = {156},
  title     = {A Walk Through Jubilees: Studies in the Book of Jubilees and the World of Its Creation},
  xdata     = {pub_brill,series_jsjsup},
}

@incollection{kugel_roitman-etal2011,
  author     = {Kugel, James L.},
  crossref   = {roitman-etal2011},
  pages      = {257--294},
  shorttitle = {Which Is Older, Jubilees or the Genesis Apocryphon?},
  title      = {Which Is Older, Jubilees or the Genesis Apocryphon? An Exegetical Approach},
}

@article{alexander_jjs1982,
  author     = {Alexander, Philip},
  date       = {1982},
  pages      = {197--213},
  shorttitle = {Notes on the `Imago Mundi'},
  title      = {Notes on the `Imago Mundi' of the Book of Jubilees},
  volume     = {38},
  xdata      = {journal_jjs},
}

