@incollection{amit_brenner-polak2009,
  author     = {Amit, Yairah},
  crossref   = {brenner-polak2009},
  pages      = {13--23},
  shorttitle = {Araunah's Threshing Floor},
  title      = {Araunah's Threshing Floor: A Lesson in Shaping Historical Memory},
}

@incollection{benzvi-a_evans-williams2013,
  author   = {Ben Zvi, Ehud},
  crossref = {evans-williams2013},
  pages    = {121--140},
  title    = {Reading Chronicles and Reshaping the Memory of Manasseh},
}

@incollection{benzvi-b_evans-williams2013,
  author   = {Ben Zvi, Ehud},
  crossref = {evans-williams2013},
  pages    = {247--265},
  title    = {Toward a Sense of Balance: Remembering the Catastrophe of Monarchic Judah / (Ideological) Israel and Exile through Reading Chronicles in Late Yehud},
}

@incollection{benzvi_jonker2011,
  author     = {Ben Zvi, Ehud},
  crossref   = {jonker2011},
  pages      = {95--148},
  shorttitle = {On Social Memory and Identity Formation},
  title      = {On Social Memory and Identity Formation in Late Persian Yehud. A Historian's Viewpoint with a Focus on Prophetic Literature, Chronicles and the Dtr. Historical Collection},
}

@article{benzvi_st2017,
  author = {Ben Zvi, Ehud},
  issue  = {1},
  pages  = {69--90},
  title  = {Chronicles and Social Memory},
  volume = {71},
  xdata  = {journal_st},
}

@book{blenkinsopp2013,
  author     = {Blenkinsopp, Joseph},
  location   = {Grand Rapids, MI},
  date       = {2013},
  shorttitle = {David Remembered},
  title      = {David Remembered: Kingship and National Identity in Ancient Israel},
  xdata      = {pub_eerdmans},
}

@book{braun1986,
  author = {Braun, Roddy},
  date   = {1986},
  number = {14},
  title  = {1 Chronicles},
  xdata  = {pub_word,series_wbc},
}

@book{coggins1976,
  author     = {Coggins, R. J.},
  date       = {1976},
  shorttitle = {Chronicles},
  title      = {The First and Second Books of the Chronicles},
  xdata      = {series_cbc,pub_cambridge},
}

@book{curtis-madsen1910,
  author     = {Curtis, Edward Lewis and Madsen, Albert Alonzo},
  date       = {1910},
  number     = {10},
  shorttitle = {Chronicles},
  title      = {Critical and Exegetical Commentary on the Books of Chronicles},
  xdata      = {pub_ttclark_ed,series_icc},
}

@book{davies2008,
  author     = {Davies, Philip R.},
  date       = {2008},
  shorttitle = {Memories of Ancient Israel},
  title      = {Memories of Ancient Israel: An Introduction to Biblical History--Ancient and Modern},
  xdata      = {pub_wjk},
}

@book{genette1997,
  author     = {Genette, Gérard},
  translator = {Newman, Channa and Doubinsky, Claude},
  date       = {1997},
  shorttitle = {Palimpsests},
  title      = {Palimpsests: Literature in the Second Degree},
  xdata      = {pub_unebraska},
}

@article{hendel_jbl2001,
  author     = {Hendel, Ronald S.},
  date       = {2001},
  number     = {4},
  pages      = {601--622},
  shorttitle = {The Exodus in Biblical Memory},
  title      = {The Exodus in Biblical Memory},
  volume     = {120},
  xdata      = {journal_jbl},
}

@book{hendel2005,
  author     = {Hendel, Ronald S.},
  booktitle  = {Remembering Abraham: Culture, Memory, and History in the Hebrew Bible},
  date       = {2005},
  shorttitle = {Remembering Abraham},
  title      = {Remembering Abraham: Culture, Memory, and History in the Hebrew Bible},
  xdata      = {pub_oxford},
}

@book{japhet1993,
  author     = {Japhet, Sara},
  booktitle  = {{{I \& II Chronicles}}: A Commentary},
  date       = {1993},
  shorttitle = {{{I \& II Chronicles}}},
  title      = {{{I \& II Chronicles}}: A Commentary},
  xdata      = {series_otl,pub_wjk},
}

@book{japhet1997,
  options    = {skipbib=1},
  author     = {Japhet, Sara},
  booktitle  = {The Ideology of the Book of Chronicles and Its Place in Biblical Thought},
  date       = {1997},
  edition    = {2nd revised ed.},
  number     = {9},
  shorttitle = {The Ideology of the Book of Chronicles},
  title      = {The Ideology of the Book of Chronicles and Its Place in Biblical Thought},
  xdata      = {series_beataj,pub_peterlang},
}

@book{japhet2009,
  author      = {Japhet, Sara},
  translator  = {Barber, Anna},
  booktitle   = {The Ideology of the Book of Chronicles and Its Place in Biblical Thought},
  date        = {2009},
  related     = {japhet1997},
  relatedtype = {reprint},
  shorttitle  = {The Ideology of the Book of Chronicles},
  title       = {The Ideology of the Book of Chronicles and Its Place in Biblical Thought},
  xdata       = {pub_eisenbrauns},
}

@book{knoppers2003,
  author     = {Knoppers, Gary N.},
  booktitle  = {1 {{Chronicles}} 1--9: A New Translation with Introduction and Commentary},
  date       = {2003},
  number     = {12},
  shorttitle = {1 {{Chronicles}} 1--9},
  title      = {1 {{Chronicles}} 1--9: A New Translation with Introduction and Commentary},
  xdata      = {series_ab,pub_doubleday},
}

@book{rogerson2010,
  author     = {Rogerson, John W.},
  date       = {2010},
  shorttitle = {A Theology of the Old Testament},
  title      = {A Theology of the Old Testament: Cultural Memory, Communication, and Being Human},
  xdata      = {pub_fortress},
}

@incollection{rollston_keith-stuckenbruck2016,
  author     = {Rollston, Christopher A.},
  crossref   = {keith-stuckenbruck2016},
  pages      = {1--16},
  shorttitle = {An Ur-History of the New Testament Devil},
  title      = {An Ur-History of the New Testament Devil: The Celestial שׂטן (śaṭan) in Zechariah and Job},
}

@article{smith_cbq2002,
  author     = {Smith, Mark S.},
  date       = {2002},
  number     = {4},
  pages      = {631--651},
  shorttitle = {Remembering God},
  title      = {Remembering God: Collective Memory in Israelite Religion},
  volume     = {64},
  xdata      = {journal_cbq},
}

@article{stokes_jbl2009,
  author     = {Stokes, Ryan E.},
  date       = {2009},
  pages      = {91--106},
  shorttitle = {The Devil Made David Do it...Or Did He?},
  title      = {The Devil Made David Do it...Or Did He? The Nature, Identity, and Literary Origins of the Satan in 1 Chronicles 21:1},
  volume     = {128},
  xdata      = {journal_jbl},
}

@book{wellhausen1883,
  options   = {skipbib=1},
  author    = {Wellhausen, Julius},
  location  = {Berlin},
  publisher = {Reimer},
  booktitle = {Prolegomena zur Geschichte Israels},
  date      = {1883},
  title     = {Prolegomena zur Geschichte Israels},
}

@book{wellhausen1957,
  author      = {Wellhausen, Julius},
  translator  = {Black, J. Southerland and Menzies, Allan},
  location    = {New York},
  publisher   = {Meridian},
  booktitle   = {Prolegomena to the History of Ancient Israel: With a Reprint of the Article Israel from the Encyclopaedia Britannica},
  date        = {1957},
  number      = {6},
  related     = {wellhausen1883},
  relatedtype = {translationof},
  series      = {Meridian Library},
  shortseries = {ML},
  shorttitle  = {Prolegomena},
  title       = {Prolegomena to the History of Ancient Israel},
}

@book{wright2014,
  author     = {Wright, Jacob L.},
  date       = {2014},
  shorttitle = {David, King of Israel},
  title      = {David, King of Israel, and Caleb in Biblical Memory},
  xdata      = {pub_cambridge},
}

