@series{lsts,
  options = {skipbib=1},
  xdata   = {series_lsts},
}

@series{cqs,
  options = {skipbib=1},
  xdata   = {series_cqs},
}

