@book{gkc,
  author     = {Gesenius, Wilhelm},
  editor     = {Kautzsch, Emil},
  translator = {Cowley, Arther E.},
  location   = {Oxford},
  publisher  = {Clarendon},
  date       = {1910},
  edition    = {2},
  shorthand  = {GKC},
  title      = {Gesenius' Hebrew Grammar},
}

