@comment{
https://ebookcentral-proquest-com.ezproxy.lib.utexas.edu/lib/utxa/detail.action?docID=4745272#


}
