@article{vermes1989,
  author       = {Vermes, Geza},
  date         = {1989},
  issuetitle   = {Yigael Yadin Memorial Volume},
  journaltitle = {Eretz-Israel},
  pages        = {NEED THIS},
  title        = {Bible Interpretation at Qumran},
  volume       = {20},
}

