@book{bakhos2006,
  editor    = {Bakhos, Carol},
  booktitle = {Current Trends in the Study of Midrash},
  date      = {2006},
  number    = {106},
  title     = {Current Trends in the Study of Midrash},
  xdata     = {series_jsj_sup,pub_brill},
}

@book{carson-williamson1988,
  editor     = {Carson, D. A. and Williamson, H. G. M.},
  location   = {Cambridge},
  publisher  = {Cambridge University Press},
  booktitle  = {It is Written---Scripture Citing Scripture: Essays in Honour of Barnabas Lindars, {SSF}},
  date       = {1988},
  shorttitle = {It is Written},
  title      = {It is Written---Scripture Citing Scripture: Essays in Honour of Barnabas Lindars, {SSF}},
}

@book{charlesworth1998,
  editor     = {Charlesworth, James H.},
  booktitle  = {Caves of Enlightenment: Proceedings of the American Schools of Oriental Research Dead Sea Scrolls Jubilee Symposium (1947--1997)},
  date       = {1998},
  shorttitle = {Caves of Enlightenment},
  title      = {Caves of Enlightenment: Proceedings of the American Schools of Oriental Research Dead Sea Scrolls Jubilee Symposium (1947--1997)},
  xdata      = {pub_bibal},
}

@book{charlesworth2000,
  editor    = {Charlesworth, James H.},
  booktitle = {The Hebrew Bible and Qumran},
  crossref  = {charlesworth_BDSS},
  date      = {2000},
  title     = {The Hebrew Bible and Qumran},
  volume    = {1},
}

@mvbook{charlesworth_BDSS,
  editor    = {Charlesworth, James H.},
  maintitle = {The Bible and the Dead Sea Scrolls},
  volumes   = {3},
  xdata     = {pub_bibal},
}

@book{green1978,
  editor     = {Green, William Scott},
  date       = {1978},
  number     = {1},
  shorttitle = {Approaches to Ancient Judaism},
  title      = {Approaches to Ancient Judaism: Theory and Practice},
  xdata      = {pub_scholars_missoula,series_bjs},
}

@book{grossman2010,
  editor     = {Grossman, Maxine L.},
  booktitle  = {Rediscovering the {Dead Sea Scrolls}: An Assessment of Old and New Approaches and Methods},
  date       = {2010},
  shorttitle = {Rediscovering the {Dead Sea Scrolls}},
  title      = {Rediscovering the {Dead Sea Scrolls}: An Assessment of Old and New Approaches and Methods},
  xdata      = {pub_eerdmans},
}

@book{henze2005,
  editor     = {Henze, Matthias},
  booktitle  = {Biblical Interpretation at Qumran},
  date       = {2005},
  shorttitle = {Biblical Interpretation at Qumran},
  title      = {Biblical Interpretation at Qumran},
  xdata      = {series_sdss,pub_eerdmans},
}

@book{herbert-tov2002,
  editor     = {Herbert, Edward D. and Tov, Emanuel},
  location   = {London and New Castle, DE},
  publisher  = {British Library and Oak Knoll Press},
  booktitle  = {The Bible as Book: The Hebrew Bible and the Judaean Desert Discoveries},
  date       = {2002},
  shorttitle = {The Bible as Book},
  title      = {The Bible as Book: The Hebrew Bible and the Judaean Desert Discoveries},
}

@book{hilhorst-puech2007,
  editor     = {Hilhorst, Anthony and Puech, Émile and Tigchelaar, Eibert J. C.},
  booktitle  = {Flores Florentino: Dead Sea Scrolls and Other Early Jewish Studies in Honour of Florentino Garcia Martinez},
  date       = {2007},
  number     = {122},
  shorttitle = {Flores Florentino},
  title      = {Flores Florentino: Dead Sea Scrolls and Other Early Jewish Studies in Honour of Florentino Garcia Martinez},
  xdata      = {series_jsj_sup,pub_brill},
}

@book{krarrer-kraus2008,
  editor     = {Karrer, Martin and Kraus, Wolfgang},
  booktitle  = {Die Septuaginta – Texte, Kontexte, Lebenswelten: Internationale Fachtagung veranstaltet von Septuaginta Deutsch (LXX.D), Wuppertal 20.--23. Juli 2006},
  date       = {1998},
  number     = {219},
  shorttitle = {Die Septuaginta – Texte, Kontexte, Lebenswelten},
  title      = {Die Septuaginta – Texte, Kontexte, Lebenswelten: Internationale Fachtagung veranstaltet von Septuaginta Deutsch (LXX.D), Wuppertal 20.--23. Juli 2006},
  xdata      = {series_wunt,pub_mohrsiebeck},
}

@book{kraft-nickelsburg1986,
  editor     = {Kraft, Robert A. and Nickelsburg, George W. E.},
  booktitle  = {Early Judaism and Its Modern Interpreters},
  date       = {1986},
  number     = {2},
  shorttitle = {Early Judaism},
  title      = {Early Judaism and Its Modern Interpreters},
  xdata      = {series_bmi,pub_scholars},
}

@book{laato-ruiten2008,
  editor     = {Laato, Antti and van Ruiten, J.},
  location   = {Turku, Finland and Winona Lake, IN.},
  publisher  = {Åbo Akademi University and Eisenbrauns},
  booktitle  = {Rewritten Bible Reconsidered: Proceedings of the Conference in Karkku, Finland, August 24--26 2006},
  date       = {2008},
  shorttitle = {Rewritten Bible Reconsidered},
  title      = {Rewritten Bible Reconsidered: Proceedings of the Conference in Karkku, Finland, August 24--26 2006},
  xdata      = {series_srb},
}

@xdata{eretz-israel_fmc,
  editor     = {Levine, Baruch A. and King, Philip J. and Naveh, Joseph and Stern, Ephraim},
  date       = {1999},
  issuetitle = {Frank Moore Cross Volume},
  volume     = {26},
  xdata      = {journal_eretz-israel},
}

@book{lim-collins2010,
  editor     = {Lim, Timothy H. and Collins, John J.},
  booktitle  = {Oxford Handbook of the Dead Sea Scrolls},
  date       = {2010},
  shorttitle = {Oxford Handbook of the Dead Sea Scrolls},
  title      = {Oxford Handbook of the Dead Sea Scrolls},
  xdata      = {pub_oxford},
}

@book{mcdonald-sanders2002,
  editor    = {McDonald, Lee M. and Sanders, James A.},
  booktitle = {The Canon Debate},
  date      = {2002},
  title     = {The Canon Debate},
  xdata     = {pub_hendrickson},
}

@mvbook{schiffman-vanderkam2000,
  editor    = {Schiffman, Lawrence H. and VanderKam, James C.},
  booktitle = {Encyclopedia of the Dead Sea Scrolls},
  date      = {2000},
  title     = {Encyclopedia of the Dead Sea Scrolls},
  volumes   = {2},
  xdata     = {pub_oxford},
}

@book{stone1984,
  editor     = {Stone, Michael E.},
  location   = {Assen and Philadelphia},
  publisher  = {Van Gorcum and Fortress},
  booktitle  = {{Jewish} Writings of the {Second Temple} Period: Apocrypha, Pseudepigrapha, {Qumran}, Sectarian Writings, {Philo}, {Josephus}},
  date       = {1984},
  shorttitle = {{Jewish} Writings of the {Second Temple} Period},
  title      = {{Jewish} Writings of the {Second Temple} Period: Apocrypha, Pseudepigrapha, {Qumran}, Sectarian Writings, {Philo}, {Josephus}},
}

@book{vanderkam2000,
  author     = {VanderKam, James C.},
  booktitle  = {From Revelation to Canon: Studies in the Hebrew Bible and Second Temple Literature},
  date       = {2000},
  number     = {62},
  shorttitle = {From Revelation to Canon},
  title      = {From Revelation to Canon: Studies in the Hebrew Bible and Second Temple Literature},
  xdata      = {pub_brill,series_jsj_sup},
}

@book{weissenberg-pakkala2011,
  editor     = {von Weissenberg, Hanne and Pakkala, Juha and Marttila, Marko},
  booktitle  = {Changes in Scripture: Rewriting and Interpreting Authoritative Traditions in the Second Temple Period},
  date       = {2011},
  number     = {419},
  shorttitle = {Changes in Scripture},
  title      = {Changes in Scripture: Rewriting and Interpreting Authoritative Traditions in the Second Temple Period},
  xdata      = {pub_degruyter,series_bzaw},
}

@book{zsengeller2014,
  editor     = {Zsengellér, József},
  booktitle  = {Rewritten Bible after Fifty Years: Texts, Terms, or Techniques? A Last Dialogue with Geza Vermes},
  date       = {2014},
  number     = {166},
  shorttitle = {Rewritten Bible after Fifty Years},
  title      = {Rewritten Bible after Fifty Years: Texts, Terms, or Techniques? A Last Dialogue with Geza Vermes},
  xdata      = {series_jsj_sup,pub_brill},
}

