@xdata{series_djd,
  series      = {Discoveries from the Judean Desert},
  shortseries = {DJD},
}

@book{djd_1,
  options    = {skipbib=1},
  editor     = {Barthélemy, Dominique and Milik, Józef T.},
  date       = {1955},
  number     = {I},
  shorthand  = {DJD I},
  shorttitle = {DJD 1},
  title      = {Qumran Cave 1},
  xdata      = {series_djd,pub_clarendon},
}

@comment{P. Benoit and others, Les grottes de Murabba`at (DJD 2; Oxford, 1961). 15 + 314 + 107 plates. M. Baillet and others, Les ‘petites grottes’ de Qumrân (DJD 3; Oxford, 1962).13 + 315 pp. + 71 plates J. A. Sanders, The Psalms Scroll of Qumrân Cave 11 (11QPsa) (DJD 4; Oxford, 1965).11 + 97 pp. + 17 plates J. M. Allegro, Qumrân Cave 4.I (4Q158-4Q186) (DJD 5; Oxford: Clarendon, 1968). 111 pp. + 31 plates. R. de Vaux & J. T. Milik, Qumrân grotte 4.II (DJD 6; Oxford ,1977).11 + 91 pp. + 28 plates. M. Baillet, Qumrân grotte 4.III (4Q482-4Q520) (DJD 7; Oxford: Clarendon, 1982). 14 + 339 pp. + 80 plates. E. Tov, The Greek Minor Prophets Scroll from Nahal Hever (DJD 8; Oxford: Clarendon, 1990) 10 + 169 pp. + 20 plates. P. W. Skehan, E. Ulrich, and J. E. Sanderson, Qumran Cave 4.IV, Palaeo-Hebrew and Greek Biblical Manuscripts (DJD 9; Oxford: Clarendon, 1992). 13 + 250 pp. + 47 plates. E. Qimron and J. Strugnell, Qumran Cave 4.V. Miqsat Ma’ase ha-Torah (DJD 10; Oxford: Clarendon, 1994). 14 + 235 pp. + 8 plates. E. Eshel and others, in consultation with J. VanderKam and M. Brady, Qumran Cave 4.VI: Poetical and Liturgical Texts, Part 1 (DJD 11; Oxford: Clarendon, 1998) 11 + 473 pp. + 32 plates. E. Ulrich and F. M. Cross (eds.), Qumran Cave 4.VII: Genesis to Numbers (DJD 12; Oxford: Clarendon, 1994). 15 + 272 pp. + 49 plates. H. Attridge and others, in consultation with J. VanderKam, Qumran Cave 4.VIII, Parabiblical Texts, Part 1 (DJD 13; Oxford: Clarendon, 1994). 10 + 470 pp. + 43 plates. E. Ulrich (ed.), Qumran Cave 4.IX: Deuteronomy to Kings (DJD 14; Oxford: Clarendon, 1995). E. Ulrich and others, Qumran Cave 4.X: The Prophets (DJD 15; Oxford: Clarendon, 1997) 15 + 325 pp. + 64 plates. E. Ulrich and others, Qumran Cave 4.XI: Psalms to Chronicles (DJD 16; Oxford: Clarendon, 2000) 15 + 302 pp. + 38 plates. F. M. Cross, D. Parry, and E. Ulrich, Qumran Cave 4.XII: 1-2 Samuel (DJD 17; Oxford: Clarendon, 2002) 27 plates [in preparation]. J. M. Baumgarten, Qumran Cave 4.XIII. The Damascus Document (4Q266-273) (DJD 18; Oxford: Clarendon, 1996) 19 + 236 pp. + 42 plates. M. Broshi and others, in consultation with J. VanderKam, Qumran Cave 4.XIV, Parabiblical Texts, Part 2 (DJD 19; Oxford: Clarendon, 1995). T. Elgvin and others, in consultation with J. A. Fitzmyer, S.J., Qumran Cave 4.XV: Sapiential Texts, Part 1 (DJD 20; Oxford: Clarendon, 1997) 11 + 246 pp. + 18 plates. S. Talmon, J. Ben Dov, and U. Glessmer, Qumran Cave 4.XVI: Calendrical Texts (DJD 21; Oxford: Clarendon, 2001) 12 + 263 pp. + 13 plates. G. Brooke and others, in consultation with J. VanderKam, Qumran Cave 4.XVII: Parabiblical Texts, Part 3 (DJD 22; Oxford: Clarendon, 1996) 11 + 352 pp. + 29 plates. F. García Martínez, E. J. C. Tigchelaar, and A. S. van der Woude, Qumran Cave 11.II: 11Q2-18, 11Q20-30 (DJD 23; Oxford: Clarendon, 1998) 13 + 487 pp. + 54 plates. M. J. W. Leith, Wadi Daliyeh Seal Impressions (DJD 24; Oxford: Clarendon, 1997) 25 + 249 pp. + 24 plates. É. Puech, Qumran Cave 4.XVIII: Textes hébreux (4Q521-4Q528, 4Q576-4Q579) (DJD 25; Oxford: Clarendon, 1998) 12 + 229 pp. + 15 plates. P. Alexander and G. Vermes. Qumran Cave 4.XIX: 4QSerekh Ha-Yahad and Two Related Texts (DJD 26; Oxford: Clarendon, 1998) 17 + 253 pp. + 24 plates. H. M. Cotton and A. Yardeni, Aramaic, Hebrew, and Greek Documentary Texts from Nah. al H. ever and Other Sites, with an Appendix Containing Alleged Qumran Texts (The Seiyâl Collection II) (DJD 27; Oxford: Clarendon, 1997) 27 + 381 pp. + 33 figures + 61 plates. D. M. Gropp, Wadi Daliyeh II: The Samaria Papyri from Wadi Daliyeh; E. Schuller and others, in consultation with J. VanderKam and M. Brady, Qumran, Qumran Cave 4.XXVIII: Miscellanea, Part 2 (DJD 28; Oxford: Clarendon, 2001) 15 + 254 pp. + 63 plates. E. Chazon and others, in consultation with J. VanderKam and M. Brady, Qumran Cave 4.XX: Poetical and Liturgical Texts, Part 2 (DJD 29; Oxford: Clarendon, 1999) 13 + 478 pp. + 28 plates. D. Dimant, Qumran Cave 4.XXI: Parabiblical Texts, Part 4: Pseudo-Prophetic Texts (DJD 30; Oxford: Clarendon, 2001) 14 + 278 pp. + 12 plates. E. Puech, Qumran Cave 4.XXII: Textes araméens, première partie: 4Q529-549 (DJD 31; Oxford: Clarendon, 2001) 18 + 439 pp. + 22 plates. P. W. Flint and E. Ulrich, Qumran Cave 1.II: The Isaiah Scrolls (DJD 32; Oxford: Clarendon) [in preparation]. D. Pike and A. Skinner, Qumran Cave 4.XXIII: Unidentified Fragments (DJD 33; Oxford: Clarendon, 2001) 15 + 376 pp. + 41 plates. J. Strugnell, D. J. Harrington, S.J., and T. Elgvin, in consultation with J. A. Fitzmyer, S.J., Qumran Cave 4.XXIV: 4QInstruction (Mu[sar le¨Mevîn): 4Q415 ff. (DJD 34; Oxford: Clarendon, 1999) 16 + 584 pp. + 31 plates. J. Baumgarten and others, Qumran Cave 4.XXV: Halakhic Texts (DJD 35; Oxford: Clarendon, 1999) 11 + 173 pp. + 12 plates. S. J. Pfann, Cryptic Texts; P. Alexander and others, in consultation with J. VanderKam and M. Brady, Miscellanea, Part 1: Qumran Cave 4.XXVI (DJD 36; Oxford: Clarendon, 2000) 16 + 739 + 49 plates. É. Puech, Qumran Cave 4.XXVII: Textes araméens, deuxième partie: 4Q550-575, 580-582 (DJD 37; Oxford: Clarendon) [in preparation] J. Charlesworth and others, in consultation with J. VanderKam and M. Brady, Miscellaneous Texts from the Judaean Desert (DJD 38; Oxford: Clarendon, 2000) 17 + 250 pp. + 36 plates.}
