@incollection{alexander_carson-williamson1988,
  author     = {Alexander, Philip S.},
  file       = {[alexander_carson-williamson1988] - retelling the old testament.pdf},
  pages      = {99--121},
  shorttitle = {Retelling the Old Testament},
  title      = {Retelling the Old Testament},
  xdata      = {carson-williamson1988},
}

@incollection{harrington_kraft-nickelsburg1986,
  author     = {Harrington, Daniel J.},
  pages      = {239--247},
  shorttitle = {The Bible Rewritten (Narratives)},
  title      = {Palestinian Adaptations of Biblical Narratives and Prophecies I: The Bible Rewritten (Narratives)},
  xdata      = {kraft-nickelsburg1986},
}

@incollection{nickelsburg_stone1984,
  author     = {Nickelsburg, George, W. E.},
  pages      = {89--156},
  shorttitle = {The {Bible} Rewritten},
  title      = {The {Bible} Rewritten and Expanded},
  xdata      = {stone1984},
}

