@xdata{bmi,
  series      = {Bible and Its Modern Interpreters},
  shortseries = {BMI},
}

