@xdata{jbl,
  journaltitle = {Journal of Biblical Literature},
  shortjournal = {JBL},
}