@xdata{pub_bibal,
  location  = {North Richland Hills, TX},
  publisher = {BIBAL},
}

@xdata{pub_brill,
  location  = {Leiden},
  publisher = {Brill},
}

@xdata{pub_cambridge,
  location  = {Cambridge and New York},
  publisher = {Cambridge University Press},
}

@xdata{pub_degruyter,
  location  = {Berlin},
  publisher = {De Gruyter},
}

@xdata{pub_eerdmans,
  location  = {Grand Rapids, MI},
  publisher = {Eerdmans},
}

@xdata{pub_fortress,
  location  = {Philadelphia},
  publisher = {Fortress},
}

@xdata{pub_hendrickson,
  location  = {Peabody, MA},
  publisher = {Hendrickson},
}

@xdata{pub_mohrsiebeck,
  location  = {TÃ¼bingen},
  publisher = {Mohr Siebeck},
}

@xdata{pub_oxford,
  location  = {Oxford and New York},
  publisher = {Oxford University Press},
}

@xdata{pub_oxford_london,
  location  = {London},
  publisher = {Oxford University Press},
}

@xdata{pub_scholars,
  location  = {Atlanta},
  publisher = {Scholars Press},
}

@xdata{pub_scholars_missoula,
  location  = {Missoula, MT},
  publisher = {Scholars Press},
}

@xdata{pub_ttclark,
  location  = {London},
  publisher = {T \& T Clark},
}

@xdata{pub_ttclark_ed,
  location  = {Edinburgh},
  publisher = {T \& T Clark},
}

@xdata{pub_und,
  location  = {Notre Dame, IN},
  publisher = {University of Notre Dame},
}

@xdata{pub_van_gorcum,
  location  = {Assen},
  publisher = {Van Gorcum},
}

@xdata{pub_wjk,
  location  = {Louisville, KY},
  publisher = {Westminster John Knox},
}

@xdata{pub_word,
  location  = {Waco, TX},
  publisher = {Word Books},
}

