@xdata{journal_ars,
  journaltitle = {Annual Review of Sociology},
  shortjournal = {ARS},
}

@xdata{journal_aq,
  journaltitle = {Anthropological Quarterly},
  shortjournal = {AQ},
}

@xdata{journal_bibint,
  journaltitle = {Biblical Interpretation},
  shortjournal = {BibInt},
}

@xdata{journal_cas,
  journaltitle = {Cahiers sioniens},
  shortjournal = {CaS},
}

@xdata{journal_cbq,
  journaltitle = {Catholic Biblical Quarterly},
  shortjournal = {CBQ},
}

@xdata{journal_dsd,
  journaltitle = {Dead Sea Discoveries},
  shortjournal = {DSD},
}

@xdata{journal_ec,
  journaltitle = {Early Christianity},
  shortjournal = {EC},
}

@xdata{journal_eretz-israel,
  journaltitle = {Eretz-Israel},
  shortjournal = {ErIsr},
}

@xdata{journal_htr,
  journaltitle = {Harvard Theological Review},
  shortjournal = {HTR},
}

@xdata{journal_jbl,
  journaltitle = {Journal of Biblical Literature},
  shortjournal = {JBL},
}

@xdata{journal_jjs,
  journaltitle = {Journal of Jewish Studies},
  shortjournal = {JJS},
}

@xdata{journal_jmh,
  journaltitle = {Journal of Modern History},
  shortjournal = {JMH},
}

@xdata{journal_jnes,
  journaltitle = {Journal of Near Eastern Studies},
  shortjournal = {JNES},
}

@xdata{journal_representations,
  journaltitle = {Representations},
}

@xdata{journal_st,
  journaltitle = {Studia Theologica},
  shortjournal = {ST},
}

@xdata{journal_tarbiz,
  journaltitle = {Tarbiz},
}

@xdata{journal_textus,
  journaltitle = {Textus},
  shortjournal = {Text},
}

