@xdata{series_bzaw,
  series      = {Beihefte zur Zeitschrift für die alttestamentliche Wissenschaft},
  shortseries = {BZAW},
}

@xdata{series_beataj,
  series      = {Beiträge zur Erforschung des Alten Testaments und des antiken Judentums},
  shortseries = {BEATAJ},
}

@xdata{series_bmi,
  series      = {Bible and Its Modern Interpreters},
  shortseries = {BMI},
}

@xdata{series_bmw,
  series      = {Bible in the Modern World},
  shortseries = {BMW},
}

@xdata{series_bjs,
  series      = {Brown Judaic Studies},
  shortseries = {BJS},
}

@xdata{series_cbc,
  series      = {Cambridge Biblical Commentary},
  shortseries = {CBC},
}

@xdata{series_cqs,
  series      = {Companion to the Qumran Scrolls},
  shortseries = {CQS},
}

@xdata{series_fzat,
  series      = {Forschungen zum Alten Testament},
  shortseries = {FAT},
}

@xdata{series_fzat2,
  series      = {Forschungen zum Alten Testament 2. Reihe},
  shortseries = {FAT II},
}

@xdata{series_icc,
  series      = {International Critical Commentary},
  shortseries = {ICC},
}

@xdata{series_jsotsup,
  series      = {Journal for the Study of the Old Testament Supplement Series},
  shortseries = {JSOTsup},
}

@xdata{series_mcm,
  series      = {Media and Cultural Memory},
  shortseries = {MCM},
}

@xdata{series_ncbc,
  series      = {New Century Bible Commentary},
  shortseries = {NCBC},
}

@xdata{series_otl,
  series      = {Old Testament Library},
  shortseries = {OTL},
}

@xdata{series_phcs,
  series      = {Perspectives on Hebrew Scriptures and its Contexts},
  shortseries = {PHSC},
}

@xdata{series_pms,
  series      = {Publications in Mediaeval Studies},
  shortseries = {PMS},
}

@xdata{series_semst,
  series      = {Semeia Studies},
  shortseries = {SemSt},
}

@xdata{series_spb,
  series      = {Studia Post-Biblica},
  shortseries = {StPB},
}

@xdata{series_srb,
  series      = {Studies in Rewritten Bible},
  shortseries = {SRB},
}

@xdata{series_sdss,
  series      = {Studies in the Dead Sea Scrolls and Related Literature},
  shortseries = {SDSS},
}

@xdata{series_stdj,
  series      = {Studies on the Texts of the Desert of Judah},
  shortseries = {STDJ},
}

@xdata{series_jsj_sup,
  series      = {Supplements to the Journal for the Study of Judaism},
  shortseries = {JSJsup},
}

@xdata{series_ab,
  series      = {The Anchor Bible},
  shortseries = {AB},
}

@xdata{series_lsts,
  series      = {The Library of Second Temple Studies},
  shortseries = {LSTS},
}

@xdata{series_wunt,
  series      = {Wissenschaftliche Untersuchungen zum Neuen Testament},
  shortseries = {WUNT},
}

@xdata{series_wunt2,
  series      = {Wissenschaftliche Untersuchungen zum Neuen Testament. 2. Reihe},
  shortseries = {WUNT II},
}

@xdata{series_wbc,
  series      = {Word Biblical Commentary},
  shortseries = {WBC},
}

