@article{vermes:erisr1989,
  author = {Vermes, Geza},
  date = {1989},
  file = {[vermes:erisr1989] - bible interpretation at qumran.pdf},
  issuetitle = {Yigael Yadin Memorial Volume},
  journaltitle = {Eretz-Israel},
  pages = {184--91},
  shortjournal = {ErIsr},
  title = {Bible Interpretation at Qumran},
  volume = {20},
}

@xdata{jbl,
  journaltitle = {Journal of Biblical Literature},
  shortjournal = {JBL},
}

@xdata{erisr,
  journaltitle = {Eretz-Israel},
  shortjournal = {ErIsr},
}

@book{carson-williamson1988,
  editor = {Carson, D. A. and Williamson, H. G. M.},
  location = {Cambridge},
  publisher = {Cambridge University Press},
  booktitle = {It is Written---Scripture Citing Scripture: Essays in Honour of Barnabas Lindars, {SSF}},
  date = {1988},
  shorttitle = {It is Written},
  title = {It is Written---Scripture Citing Scripture: Essays in Honour of Barnabas Lindars, {SSF}},
}

@book{kraft-nickelsburg1986,
  editor = {Kraft, Robert A. and Nickelsburg, George W. E.},
  location = {Atlanta},
  publisher = {Scholars Press},
  booktitle = {Early Judaism and Its Modern Interpreters},
  date = {1986},
  number = {2},
  series = {Bible and Its Modern Interpreters},
  shortseries = {BMI},
  shorttitle = {Early Judaism},
  title = {Early Judaism and Its Modern Interpreters},
}

@book{stone1984,
  editor = {Stone, Michael E.},
  location = {Assen and Philadelphia},
  publisher = {Van Gorcum and Fortress},
  booktitle = {{Jewish} Writings of the {Second Temple} Period: Apocrypha, Pseudepigrapha, {Qumran}, Sectarian Writings, {Philo}, {Josephus}},
  date = {1984},
  shorttitle = {{Jewish} Writings of the {Second Temple} Period},
  title = {{Jewish} Writings of the {Second Temple} Period: Apocrypha, Pseudepigrapha, {Qumran}, Sectarian Writings, {Philo}, {Josephus}},
}

@mvbook{schurer1973,
  author = {Sch√ºrer, Emil},
  editor = {Vermes, Geza and Millar, Fergus and Black, Matthew},
  location = {Edinburgh},
  publisher = {T \& T Clark},
  date = {1973},
  shorttitle = {The History of the {Jewish} People},
  title = {The History of the {Jewish} People in the Age of {Jesus Christ}: 175 BC -- AD 135},
  volumes = {3},
}

@xdata{bmi,
  series = {Bible and Its Modern Interpreters},
  shortseries = {BMI},
}

@incollection{alexander:carsonwilliamson1988,
  author = {Alexander, Philip S.},
  editor = {Carson, D. A. and Williamson, H. G. M.},
  location = {Cambridge},
  publisher = {Cambridge University Press},
  booktitle = {It is Written---Scripture Citing Scripture: Essays in Honour of Barnabas Lindars, {SSF}},
  date = {1988},
  file = {[alexander1988] - retelling the old testament.pdf},
  pages = {99--121},
  shorttitle = {Retelling the Old Testament},
  title = {Retelling the Old Testament},
}

@incollection{harrington:kraft-nickelsburg1986,
  author = {Harrington, Daniel J.},
  editor = {Kraft, Robert A. and Nickelsburg, George W. E.},
  location = {Atlanta},
  publisher = {Scholars Press},
  booktitle = {Early Judaism and Its Modern Interpreters},
  date = {1986},
  file = {[harrington1986] - palestinian adaptations of biblical narratives and prophecies i the bible rewritten (narratives).pdf},
  number = {2},
  pages = {239--247},
  series = {Bible and Its Modern Interpreters},
  shortseries = {BMI},
  shorttitle = {The Bible Rewritten (Narratives)},
  title = {Palestinian Adaptations of Biblical Narratives and Prophecies I: The Bible Rewritten (Narratives)},
}

@incollection{nickelsburg:stone1984,
  author = {Nickelsburg, George, W. E.},
  editor = {Stone, Michael E.},
  location = {Assen and Philadelphia},
  publisher = {Van Gorcum and Fortress},
  booktitle = {{Jewish} Writings of the {Second Temple} Period: Apocrypha, Pseudepigrapha, {Qumran}, Sectarian Writings, {Philo}, {Josephus}},
  date = {1984},
  file = {[nickelsburg:stone1984] - the bible rewritten.pdf},
  pages = {89--156},
  shorttitle = {The {Bible} Rewritten},
  title = {The {Bible} Rewritten and Expanded},
}

