@article{bernstein_textus2005,
  author     = {Bernstein, Moshe J.},
  date       = {2005},
  pages      = {169--96},
  shorttitle = {Rewritten {Bible}},
  title      = {Rewritten {Bible}: A Generic Category Which Has Outlived its Usefulness?},
  volume     = {22},
  xdata      = {textus},
}

@article{crawford_eretz-israel1999,
  author     = {Crawford, Sidnie White},
  pages      = {1--8},
  shorttitle = {The `{{Rewritten}}' {{Bible}} at {{Qumran}}},
  title      = {The `Rewritten' {Bible} at {Qumran}: A Look at Three Texts},
  xdata      = {eretz-israel_fmc},
}

@article{machiela_jjs2010,
  author     = {Machiela, Daniel A.},
  date       = {2010},
  number     = {2},
  pages      = {308--320},
  shorttitle = {Once More, with Feeling},
  title      = {Once More, with Feeling: Rewritten Scripture in Ancient {Judaism}---A Review of Recent Developments},
  volume     = {61},
  xdata      = {jjs},
}

@article{tov_dsd1998,
  author     = {Tov, Emanuel},
  date       = {1998},
  number     = {3},
  pages      = {334--354},
  shorttitle = {Rewritten Bible Compositions},
  title      = {Rewritten Bible Compositions and Biblical Manuscripts, with Special Attention to the Samaritan Pentateuch},
  volume     = {5},
}

@article{vermes_eretz-israel1989,
  author     = {Vermes, Geza},
  date       = {1989},
  issuetitle = {Yigael Yadin Memorial Volume},
  pages      = {184--91},
  title      = {Bible Interpretation at Qumran},
  volume     = {20},
  xdata      = {eretz-israel},
}

@xdata{dsd,
  journaltitle = {Dead Sea Discoveries},
  shortjournal = {DSD},
}

@xdata{eretz-israel,
  journaltitle = {Eretz-Israel},
  shortjournal = {ErIsr},
}

@xdata{eretz-israel_fmc,
  editor     = {Levine, Baruch A. and King, Philip J. and Naveh, Joseph and Stern, Ephraim},
  date       = {1999},
  issuetitle = {Frank Moore Cross Volume},
  volume     = {26},
  xdata      = {eretz-israel},
}

@xdata{jbl,
  journaltitle = {Journal of Biblical Literature},
  shortjournal = {JBL},
}

@xdata{jjs,
  journaltitle = {Journal of Jewish Studies},
  shortjournal = {JJS},
}

@xdata{textus,
  journaltitle = {Textus},
  shortjournal = {Text},
}

