@incollection{alexander_carson-williamson1988,
  author   = {Alexander, Philip S.},
  crossref = {carson-williamson1988},
  pages    = {99--121},
  title    = {Retelling the Old Testament},
}

@article{bernstein_textus2005,
  author     = {Bernstein, Moshe J.},
  date       = {2005},
  pages      = {169--96},
  shorttitle = {Rewritten {Bible}},
  title      = {Rewritten {Bible}: A Generic Category Which Has Outlived its Usefulness?},
  volume     = {22},
  xdata      = {journal_textus},
}

@book{crawford2008,
  author = {Crawford, Sidnie White},
  date   = {2008},
  title  = {Rewriting Scripture in {Second Temple} Times},
  xdata  = {pub_eerdmans},
}

@article{crawford_eretz-israel1999,
  author     = {Crawford, Sidnie White},
  pages      = {1--8},
  shorttitle = {The `{{Rewritten}}' {{Bible}} at {{Qumran}}},
  title      = {The `Rewritten' {Bible} at {Qumran}: A Look at Three Texts},
  xdata      = {eretz-israel_fmc},
}

@book{falk2007,
  author      = {Falk, Daniel K.},
  booktitle   = {The Parabiblical Texts: Strategies for Extending the Scriptures among the Dead Sea Scrolls},
  date        = {2007},
  series      = {Companion to the Qumran Scrolls 8; Library of Second Temple studies 63},
  shortseries = {CQS 8; LSTS 63},
  shorttitle  = {The Parabiblical Texts},
  title       = {The Parabiblical Texts: Strategies for Extending the Scriptures among the Dead Sea Scrolls},
  xdata       = {pub_ttclark},
}

@incollection{fraade_bakhos2006,
  author     = {Fraade, Steven D.},
  crossref   = {bakhos2006},
  pages      = {59--78},
  shorttitle = {Rewritten Bible and Rabbinic Midrash},
  title      = {Rewritten Bible and Rabbinic Midrash as Commentary},
}

@incollection{fraade_zsengeller2014,
  author     = {Fraade, Steven D.},
  crossref   = {zsengeller2014},
  pages      = {221--232},
  shorttitle = {Between Rewritten {Bible} and Allegorical Commentary},
  title      = {Between Rewritten {Bible} and Allegorical Commentary: Philo’s Interpretation of the Burning Bush},
}

@incollection{harrington_kraft-nickelsburg1986,
  author     = {Harrington, Daniel J.},
  crossref   = {kraft-nickelsburg1986},
  pages      = {239--247},
  shorttitle = {The Bible Rewritten (Narratives)},
  title      = {Palestinian Adaptations of Biblical Narratives and Prophecies I: The Bible Rewritten (Narratives)},
}

@incollection{koskenniemi-lindqvist_laato-ruiten2008,
  author     = {Koskenniemi, Erkki and Lindqvist, Pekka},
  crossref   = {laato-ruiten2008},
  pages      = {11--39},
  shorttitle = {Rewritten Bible, Rewritten Stories},
  title      = {Rewritten Bible, Rewritten Stories: Methodological Aspects},
}

@article{machiela_jjs2010,
  author     = {Machiela, Daniel A.},
  date       = {2010},
  number     = {2},
  pages      = {308--320},
  shorttitle = {Once More, with Feeling},
  title      = {Once More, with Feeling: Rewritten Scripture in Ancient {Judaism}---A Review of Recent Developments},
  volume     = {61},
  xdata      = {journal_jjs},
}

@incollection{nickelsburg_stone1984,
  author     = {Nickelsburg, George W. E.},
  crossref   = {stone1984},
  pages      = {89--156},
  shorttitle = {The {Bible} Rewritten},
  title      = {The {Bible} Rewritten and Expanded},
}

@incollection{peterson_hilhorst-puech2007,
  author     = {Petersen, Anders Klostergaard},
  crossref   = {hilhorst-puech2007},
  pages      = {285--306},
  shorttitle = {Rewritten Bible as a Borderline Phenomenon},
  title      = {Rewritten Bible as a Borderline Phenomenon: Genre, Textual Strategy, or Canonical Anachronism?},
}

@mvbook{schurer1986,
  author     = {Schürer, Emil},
  editor     = {Vermes, Geza and Millar, Fergus and Black, Matthew},
  date       = {1986},
  shorttitle = {The History of the {Jewish} People},
  title      = {The History of the {Jewish} People in the Age of {Jesus Christ}: 175 BC -- AD 135},
  volumes    = {3},
  xdata      = {pub_ttclark_ed},
}

@incollection{segal_henze2005,
  author   = {Segal, Michael},
  crossref = {henze2005},
  pages    = {10--28},
  title    = {Between Bible and Rewritten Bible},
}

@article{tov_dsd1998,
  author     = {Tov, Emanuel},
  date       = {1998},
  number     = {3},
  pages      = {334--354},
  shorttitle = {Rewritten Bible Compositions},
  title      = {Rewritten Bible Compositions and Biblical Manuscripts, with Special Attention to the Samaritan Pentateuch},
  volume     = {5},
  xdata      = {journal_dsd},
}

@incollection{tov_krarrer-kraus2008,
  author     = {Tov, Emanuel},
  crossref   = {krarrer-kraus2008},
  pages      = {369--93},
  shorttitle = {Three Strange Books},
  title      = {Three Strange Books of the LXX: 1 Kings, Esther, and Daniel Compared with Similar Rewritten Compositions from Qumran and Elsewhere},
}

@incollection{vanderkam_vanderkam2000,
  author     = {VanderKam, James C.},
  crossref   = {vanderkam2000},
  pages      = {1--30},
  shorttitle = {Revealed Literature},
  title      = {Revealed Literature in the Second Temple Period},
}

@article{vermes_eretz-israel1989,
  author     = {Vermes, Geza},
  date       = {1989},
  issuetitle = {Yigael Yadin Memorial Volume},
  pages      = {184--91},
  title      = {Bible Interpretation at Qumran},
  volume     = {20},
  xdata      = {journal_eretz-israel},
}

