@book{bakhos2006,
  editor    = {Bakhos, Carol},
  location  = {Leiden},
  publisher = {Brill},
  booktitle = {Current Trends in the Study of Midrash},
  date      = {2006},
  number    = {106},
  title     = {Current Trends in the Study of Midrash},
  xdata     = {jsj_sup},
}

@book{carson-williamson1988,
  editor     = {Carson, D. A. and Williamson, H. G. M.},
  location   = {Cambridge},
  publisher  = {Cambridge University Press},
  booktitle  = {It is Written---Scripture Citing Scripture: Essays in Honour of Barnabas Lindars, {SSF}},
  date       = {1988},
  shorttitle = {It is Written},
  title      = {It is Written---Scripture Citing Scripture: Essays in Honour of Barnabas Lindars, {SSF}},
}

@book{crawford2008,
  author    = {Crawford, Sidnie White},
  location  = {Grand Rapids, MI},
  publisher = {Eerdmans},
  date      = {2008},
  title     = {Rewriting Scripture in {Second Temple} Times},
}

@book{henze2005,
  editor     = {Henze, Matthias},
  location   = {Grand Rapids, MI},
  publisher  = {Eerdmans},
  booktitle  = {Biblical Interpretation at Qumran},
  date       = {2005},
  shorttitle = {Biblical Interpretation at Qumran},
  title      = {Biblical Interpretation at Qumran},
  xdata      = {sdss},
}

@book{kraft-nickelsburg1986,
  editor     = {Kraft, Robert A. and Nickelsburg, George W. E.},
  location   = {Atlanta},
  publisher  = {Scholars Press},
  booktitle  = {Early Judaism and Its Modern Interpreters},
  date       = {1986},
  number     = {2},
  shorttitle = {Early Judaism},
  title      = {Early Judaism and Its Modern Interpreters},
  xdata      = {bmi},
}

@book{stone1984,
  editor     = {Stone, Michael E.},
  location   = {Assen and Philadelphia},
  publisher  = {Van Gorcum and Fortress},
  booktitle  = {{Jewish} Writings of the {Second Temple} Period: Apocrypha, Pseudepigrapha, {Qumran}, Sectarian Writings, {Philo}, {Josephus}},
  date       = {1984},
  shorttitle = {{Jewish} Writings of the {Second Temple} Period},
  title      = {{Jewish} Writings of the {Second Temple} Period: Apocrypha, Pseudepigrapha, {Qumran}, Sectarian Writings, {Philo}, {Josephus}},
}

@mvbook{schurer1986,
  author     = {Schürer, Emil},
  editor     = {Vermes, Geza and Millar, Fergus and Black, Matthew},
  location   = {Edinburgh},
  publisher  = {T \& T Clark},
  date       = {1986},
  shorttitle = {The History of the {Jewish} People},
  title      = {The History of the {Jewish} People in the Age of {Jesus Christ}: 175 BC -- AD 135},
  volumes    = {3},
}

@book{zsengeller2014,
  editor     = {Zsengellér, József},
  location   = {Leiden},
  publisher  = {Brill},
  booktitle  = {Rewritten Bible after Fifty Years: Texts, Terms, or Techniques? A Last Dialogue with Geza Vermes},
  date       = {2014},
  number     = {166},
  shorttitle = {Rewritten Bible after Fifty Years},
  title      = {Rewritten Bible after Fifty Years: Texts, Terms, or Techniques? A Last Dialogue with Geza Vermes},
  xdata      = {jsj_sup},
}

@xdata{bmi,
  series      = {Bible and Its Modern Interpreters},
  shortseries = {BMI},
}

@xdata{jsj_sup,
  series      = {Supplements to the Journal for the Study of Judaism},
  shortseries = {JSJsup},
}

@xdata{sdss,
  series      = {Studies in the Dead Sea Scrolls and Related Literature},
  shortseries = {SDSS},
}

