@book{bakhos2006,
  editor    = {Bakhos, Carol},
  booktitle = {Current Trends in the Study of Midrash},
  date      = {2006},
  number    = {106},
  title     = {Current Trends in the Study of Midrash},
  xdata     = {series_jsj_sup,pub_brill},
}

@book{carson-williamson1988,
  editor     = {Carson, D. A. and Williamson, H. G. M.},
  location   = {Cambridge},
  publisher  = {Cambridge University Press},
  booktitle  = {It is Written---Scripture Citing Scripture: Essays in Honour of Barnabas Lindars, {SSF}},
  date       = {1988},
  shorttitle = {It is Written},
  title      = {It is Written---Scripture Citing Scripture: Essays in Honour of Barnabas Lindars, {SSF}},
}

@book{henze2005,
  editor     = {Henze, Matthias},
  booktitle  = {Biblical Interpretation at Qumran},
  date       = {2005},
  shorttitle = {Biblical Interpretation at Qumran},
  title      = {Biblical Interpretation at Qumran},
  xdata      = {series_sdss,pub_eerdmans},
}

@book{krarrer-kraus2008,
  editor     = {Karrer, Martin and Kraus, Wolfgang},
  booktitle  = {Die Septuaginta – Texte, Kontexte, Lebenswelten: Internationale Fachtagung veranstaltet von Septuaginta Deutsch (LXX.D), Wuppertal 20.--23. Juli 2006},
  date       = {1998},
  number     = {219},
  shorttitle = {Die Septuaginta – Texte, Kontexte, Lebenswelten},
  title      = {Die Septuaginta – Texte, Kontexte, Lebenswelten: Internationale Fachtagung veranstaltet von Septuaginta Deutsch (LXX.D), Wuppertal 20.--23. Juli 2006},
  xdata      = {series_wunt,pub_mohrsiebeck},
}

@book{kraft-nickelsburg1986,
  editor     = {Kraft, Robert A. and Nickelsburg, George W. E.},
  booktitle  = {Early Judaism and Its Modern Interpreters},
  date       = {1986},
  number     = {2},
  shorttitle = {Early Judaism},
  title      = {Early Judaism and Its Modern Interpreters},
  xdata      = {series_bmi,pub_scholars},
}

@xdata{eretz-israel_fmc,
  editor     = {Levine, Baruch A. and King, Philip J. and Naveh, Joseph and Stern, Ephraim},
  date       = {1999},
  issuetitle = {Frank Moore Cross Volume},
  volume     = {26},
  xdata      = {journal_eretz-israel},
}

@book{stone1984,
  editor     = {Stone, Michael E.},
  location   = {Assen and Philadelphia},
  publisher  = {Van Gorcum and Fortress},
  booktitle  = {{Jewish} Writings of the {Second Temple} Period: Apocrypha, Pseudepigrapha, {Qumran}, Sectarian Writings, {Philo}, {Josephus}},
  date       = {1984},
  shorttitle = {{Jewish} Writings of the {Second Temple} Period},
  title      = {{Jewish} Writings of the {Second Temple} Period: Apocrypha, Pseudepigrapha, {Qumran}, Sectarian Writings, {Philo}, {Josephus}},
}

@book{zsengeller2014,
  editor     = {Zsengellér, József},
  booktitle  = {Rewritten Bible after Fifty Years: Texts, Terms, or Techniques? A Last Dialogue with Geza Vermes},
  date       = {2014},
  number     = {166},
  shorttitle = {Rewritten Bible after Fifty Years},
  title      = {Rewritten Bible after Fifty Years: Texts, Terms, or Techniques? A Last Dialogue with Geza Vermes},
  xdata      = {series_jsj_sup,pub_brill},
}

