@incollection{alexander_carson-williamson1988,
  author   = {Alexander, Philip S.},
  crossref = {carson-williamson1988},
  pages    = {99--121},
  title    = {Retelling the Old Testament},
}

@incollection{harrington_kraft-nickelsburg1986,
  author     = {Harrington, Daniel J.},
  crossref   = {kraft-nickelsburg1986},
  pages      = {239--247},
  shorttitle = {The Bible Rewritten (Narratives)},
  title      = {Palestinian Adaptations of Biblical Narratives and Prophecies I: The Bible Rewritten (Narratives)},
}

@incollection{fraade_bakhos2006,
  author     = {Fraade, Steven D.},
  crossref   = {bakhos2006},
  pages      = {59--78},
  shorttitle = {Rewritten Bible and Rabbinic Midrash},
  title      = {Rewritten Bible and Rabbinic Midrash as Commentary},
}

@incollection{fraade_zsengeller2014,
  author     = {Fraade, Steven D.},
  crossref   = {zsengeller2014},
  pages      = {221--232},
  shorttitle = {Between Rewritten {Bible} and Allegorical Commentary},
  title      = {Between Rewritten {Bible} and Allegorical Commentary: Philoâ€™s Interpretation of the Burning Bush},
}

@incollection{segal_henze2005,
  author   = {Segal, Michael},
  crossref = {henze2005},
  pages    = {10--28},
  title    = {Between Bible and Rewritten Bible},
}

@incollection{nickelsburg_stone1984,
  author     = {Nickelsburg, George, W. E.},
  crossref   = {stone1984},
  pages      = {89--156},
  shorttitle = {The {Bible} Rewritten},
  title      = {The {Bible} Rewritten and Expanded},
}

