@xdata{journal_dsd,
  journaltitle = {Dead Sea Discoveries},
  shortjournal = {DSD},
}

@xdata{journal_eretz-israel,
  journaltitle = {Eretz-Israel},
  shortjournal = {ErIsr},
}

@xdata{journal_jbl,
  journaltitle = {Journal of Biblical Literature},
  shortjournal = {JBL},
}

@xdata{journal_jjs,
  journaltitle = {Journal of Jewish Studies},
  shortjournal = {JJS},
}

@xdata{journal_textus,
  journaltitle = {Textus},
  shortjournal = {Text},
}

@xdata{series_bmi,
  series      = {Bible and Its Modern Interpreters},
  shortseries = {BMI},
}

@xdata{series_jsj_sup,
  series      = {Supplements to the Journal for the Study of Judaism},
  shortseries = {JSJsup},
}

@xdata{series_sdss,
  series      = {Studies in the Dead Sea Scrolls and Related Literature},
  shortseries = {SDSS},
}

@xdata{series_wunt,
  series      = {Wissenschaftliche Untersuchungen zum Neuen Testament},
  shortseries = {WUNT},
}

