@xdata{pub_brill,
  location  = {Leiden},
  publisher = {Brill},
}

@xdata{pub_eerdmans,
  location  = {Grand Rapids, MI},
  publisher = {Eerdmans},
}

@xdata{pub_fortress,
  location  = {Philadelphia},
  publisher = {Fortress},
}

@xdata{pub_mohrsiebeck,
  location  = {TÃ¼bingen},
  publisher = {Mohr Siebeck},
}

@xdata{pub_scholars,
  location  = {Atlanta},
  publisher = {Scholars Press},
}

@xdata{pub_van_gorcum,
  location  = {Assen},
  publisher = {Van Gorcum},
}

