@xdata{journal_cas,
  journaltitle = {Cahiers sioniens},
  shortjournal = {CaS},
}

@xdata{journal_dsd,
  journaltitle = {Dead Sea Discoveries},
  shortjournal = {DSD},
}

@xdata{journal_eretz-israel,
  journaltitle = {Eretz-Israel},
  shortjournal = {ErIsr},
}

@xdata{journal_jbl,
  journaltitle = {Journal of Biblical Literature},
  shortjournal = {JBL},
}

@xdata{journal_jjs,
  journaltitle = {Journal of Jewish Studies},
  shortjournal = {JJS},
}

@xdata{journal_textus,
  journaltitle = {Textus},
  shortjournal = {Text},
}

