@xdata{series_bzaw,
  series      = {Beihefte zur Zeitschrift f√ºr die alttestamentliche Wissenschaft},
  shortseries = {BZAW},
}

@xdata{series_bmi,
  series      = {Bible and Its Modern Interpreters},
  shortseries = {BMI},
}

@xdata{series_srb,
  series      = {Studies in Rewritten Bible},
  shortseries = {SRB},
}

@xdata{series_sdss,
  series      = {Studies in the Dead Sea Scrolls and Related Literature},
  shortseries = {SDSS},
}

@xdata{series_stdj,
  series      = {Studies on the Texts of the Desert of Judah},
  shortseries = {STDJ},
}

@xdata{series_jsj_sup,
  series      = {Supplements to the Journal for the Study of Judaism},
  shortseries = {JSJsup},
}

@xdata{series_lsts,
  series      = {The Library of Second Temple Studies},
  shortseries = {LSTS},
}

@xdata{series_wunt,
  series      = {Wissenschaftliche Untersuchungen zum Neuen Testament},
  shortseries = {WUNT},
}

