@incollection{alexander_carson-williamson1988,
  author   = {Alexander, Philip S.},
  crossref = {carson-williamson1988},
  pages    = {99--121},
  title    = {Retelling the Old Testament},
}

@article{bernstein_textus2005,
  author     = {Bernstein, Moshe J.},
  date       = {2005},
  pages      = {169--96},
  shorttitle = {Rewritten {Bible}},
  title      = {Rewritten {Bible}: A Generic Category Which Has Outlived its Usefulness?},
  volume     = {22},
  xdata      = {journal_textus},
}

@book{crawford2008,
  author = {Crawford, Sidnie White},
  date   = {2008},
  title  = {Rewriting Scripture in {Second Temple} Times},
  xdata  = {pub_eerdmans},
}

@article{crawford_eretz-israel1999,
  author     = {Crawford, Sidnie White},
  pages      = {1--8},
  shorttitle = {The `{{Rewritten}}' {{Bible}} at {{Qumran}}},
  title      = {The `Rewritten' {Bible} at {Qumran}: A Look at Three Texts},
  xdata      = {eretz-israel_fmc},
}

@book{falk2007,
  author      = {Falk, Daniel K.},
  booktitle   = {The Parabiblical Texts: Strategies for Extending the Scriptures among the Dead Sea Scrolls},
  date        = {2007},
  series      = {Companion to the Qumran Scrolls 8; Library of Second Temple studies 63},
  shortseries = {CQS 8; LSTS 63},
  shorttitle  = {The Parabiblical Texts},
  title       = {The Parabiblical Texts: Strategies for Extending the Scriptures among the Dead Sea Scrolls},
  xdata       = {pub_ttclark},
}

@incollection{fraade_bakhos2006,
  author     = {Fraade, Steven D.},
  crossref   = {bakhos2006},
  pages      = {59--78},
  shorttitle = {Rewritten Bible and Rabbinic Midrash},
  title      = {Rewritten Bible and Rabbinic Midrash as Commentary},
}

@incollection{fraade_zsengeller2014,
  author     = {Fraade, Steven D.},
  crossref   = {zsengeller2014},
  pages      = {221--232},
  shorttitle = {Between Rewritten {Bible} and Allegorical Commentary},
  title      = {Between Rewritten {Bible} and Allegorical Commentary: Philo’s Interpretation of the Burning Bush},
}

@incollection{harrington_kraft-nickelsburg1986,
  author     = {Harrington, Daniel J.},
  crossref   = {kraft-nickelsburg1986},
  pages      = {239--247},
  shorttitle = {The Bible Rewritten (Narratives)},
  title      = {Palestinian Adaptations of Biblical Narratives and Prophecies I: The Bible Rewritten (Narratives)},
}

@incollection{koskenniemi-lindqvist_laato-ruiten2008,
  author     = {Koskenniemi, Erkki and Lindqvist, Pekka},
  crossref   = {laato-ruiten2008},
  pages      = {11--39},
  shorttitle = {Rewritten Bible, Rewritten Stories},
  title      = {Rewritten Bible, Rewritten Stories: Methodological Aspects},
}

@article{machiela_jjs2010,
  author     = {Machiela, Daniel A.},
  date       = {2010},
  number     = {2},
  pages      = {308--320},
  shorttitle = {Once More, with Feeling},
  title      = {Once More, with Feeling: Rewritten Scripture in Ancient {Judaism}---A Review of Recent Developments},
  volume     = {61},
  xdata      = {journal_jjs},
}

@incollection{nickelsburg_stone1984,
  author     = {Nickelsburg, George W. E.},
  crossref   = {stone1984},
  pages      = {89--156},
  shorttitle = {The {Bible} Rewritten},
  title      = {The {Bible} Rewritten and Expanded},
}

@incollection{peterson_hilhorst-puech2007,
  author     = {Petersen, Anders Klostergaard},
  crossref   = {hilhorst-puech2007},
  pages      = {285--306},
  shorttitle = {Rewritten Bible as a Borderline Phenomenon},
  title      = {Rewritten Bible as a Borderline Phenomenon: Genre, Textual Strategy, or Canonical Anachronism?},
}

@mvbook{schurer1986,
  author     = {Schürer, Emil},
  editor     = {Vermes, Geza and Millar, Fergus and Black, Matthew},
  date       = {1986},
  shorttitle = {The History of the {Jewish} People},
  title      = {The History of the {Jewish} People in the Age of {Jesus Christ}: 175 BC -- AD 135},
  volumes    = {3},
  xdata      = {pub_ttclark_ed},
}

@incollection{segal_henze2005,
  author   = {Segal, Michael},
  crossref = {henze2005},
  pages    = {10--28},
  title    = {Between Bible and Rewritten Bible},
}

@article{tov_dsd1998,
  author     = {Tov, Emanuel},
  date       = {1998},
  number     = {3},
  pages      = {334--354},
  shorttitle = {Rewritten Bible Compositions},
  title      = {Rewritten Bible Compositions and Biblical Manuscripts, with Special Attention to the Samaritan Pentateuch},
  volume     = {5},
  xdata      = {journal_dsd},
}

@incollection{tov_krarrer-kraus2008,
  author     = {Tov, Emanuel},
  crossref   = {krarrer-kraus2008},
  pages      = {369--93},
  shorttitle = {Three Strange Books},
  title      = {Three Strange Books of the LXX: 1 Kings, Esther, and Daniel Compared with Similar Rewritten Compositions from Qumran and Elsewhere},
}

@incollection{vanderkam_vanderkam2000,
  author     = {VanderKam, James C.},
  crossref   = {vanderkam2000},
  pages      = {1--30},
  shorttitle = {Revealed Literature},
  title      = {Revealed Literature in the Second Temple Period},
}

@article{vermes_eretz-israel1989,
  author     = {Vermes, Geza},
  date       = {1989},
  issuetitle = {Yigael Yadin Memorial Volume},
  pages      = {184--91},
  title      = {Bible Interpretation at Qumran},
  volume     = {20},
  xdata      = {journal_eretz-israel},
}

@book{bakhos2006,
  editor    = {Bakhos, Carol},
  booktitle = {Current Trends in the Study of Midrash},
  date      = {2006},
  number    = {106},
  title     = {Current Trends in the Study of Midrash},
  xdata     = {series_jsj_sup,pub_brill},
}

@book{carson-williamson1988,
  editor     = {Carson, D. A. and Williamson, H. G. M.},
  location   = {Cambridge},
  publisher  = {Cambridge University Press},
  booktitle  = {It is Written---Scripture Citing Scripture: Essays in Honour of Barnabas Lindars, {SSF}},
  date       = {1988},
  shorttitle = {It is Written},
  title      = {It is Written---Scripture Citing Scripture: Essays in Honour of Barnabas Lindars, {SSF}},
}

@book{henze2005,
  editor     = {Henze, Matthias},
  booktitle  = {Biblical Interpretation at Qumran},
  date       = {2005},
  shorttitle = {Biblical Interpretation at Qumran},
  title      = {Biblical Interpretation at Qumran},
  xdata      = {series_sdss,pub_eerdmans},
}

@book{hilhorst-puech2007,
  editor     = {Hilhorst, Anthony and Puech, Émile and Tigchelaar, Eibert J. C.},
  booktitle  = {Flores Florentino: Dead Sea Scrolls and Other Early Jewish Studies in Honour of Florentino Garcia Martinez},
  date       = {2007},
  number     = {122},
  shorttitle = {Flores Florentino},
  title      = {Flores Florentino: Dead Sea Scrolls and Other Early Jewish Studies in Honour of Florentino Garcia Martinez},
  xdata      = {series_jsj_sup,pub_brill},
}

@book{krarrer-kraus2008,
  editor     = {Karrer, Martin and Kraus, Wolfgang},
  booktitle  = {Die Septuaginta – Texte, Kontexte, Lebenswelten: Internationale Fachtagung veranstaltet von Septuaginta Deutsch (LXX.D), Wuppertal 20.--23. Juli 2006},
  date       = {1998},
  number     = {219},
  shorttitle = {Die Septuaginta – Texte, Kontexte, Lebenswelten},
  title      = {Die Septuaginta – Texte, Kontexte, Lebenswelten: Internationale Fachtagung veranstaltet von Septuaginta Deutsch (LXX.D), Wuppertal 20.--23. Juli 2006},
  xdata      = {series_wunt,pub_mohrsiebeck},
}

@book{kraft-nickelsburg1986,
  editor     = {Kraft, Robert A. and Nickelsburg, George W. E.},
  booktitle  = {Early Judaism and Its Modern Interpreters},
  date       = {1986},
  number     = {2},
  shorttitle = {Early Judaism},
  title      = {Early Judaism and Its Modern Interpreters},
  xdata      = {series_bmi,pub_scholars},
}

@book{laato-ruiten2008,
  editor     = {Laato, Antti and van Ruiten, J.},
  location   = {Turku, Finland and Winona Lake, IN.},
  publisher  = {Åbo Akademi University and Eisenbrauns,},
  booktitle  = {Rewritten Bible Reconsidered: Proceedings of the Conference in Karkku, Finland, August 24--26 2006},
  shorttitle = {Rewritten Bible Reconsidered},
  title      = {Rewritten Bible Reconsidered: Proceedings of the Conference in Karkku, Finland, August 24--26 2006},
  xdata      = {ser_srb},
}

@xdata{eretz-israel_fmc,
  editor     = {Levine, Baruch A. and King, Philip J. and Naveh, Joseph and Stern, Ephraim},
  date       = {1999},
  issuetitle = {Frank Moore Cross Volume},
  volume     = {26},
  xdata      = {journal_eretz-israel},
}

@book{stone1984,
  editor     = {Stone, Michael E.},
  location   = {Assen and Philadelphia},
  publisher  = {Van Gorcum and Fortress},
  booktitle  = {{Jewish} Writings of the {Second Temple} Period: Apocrypha, Pseudepigrapha, {Qumran}, Sectarian Writings, {Philo}, {Josephus}},
  date       = {1984},
  shorttitle = {{Jewish} Writings of the {Second Temple} Period},
  title      = {{Jewish} Writings of the {Second Temple} Period: Apocrypha, Pseudepigrapha, {Qumran}, Sectarian Writings, {Philo}, {Josephus}},
}

@book{vanderkam2000,
  author     = {VanderKam, James C.},
  booktitle  = {From Revelation to Canon: Studies in the Hebrew Bible and Second Temple Literature},
  date       = {2000},
  number     = {62},
  shorttitle = {From Revelation to Canon},
  title      = {From Revelation to Canon: Studies in the Hebrew Bible and Second Temple Literature},
  xdata      = {pub_brill,series_jsj_sup},
}

@book{zsengeller2014,
  editor     = {Zsengellér, József},
  booktitle  = {Rewritten Bible after Fifty Years: Texts, Terms, or Techniques? A Last Dialogue with Geza Vermes},
  date       = {2014},
  number     = {166},
  shorttitle = {Rewritten Bible after Fifty Years},
  title      = {Rewritten Bible after Fifty Years: Texts, Terms, or Techniques? A Last Dialogue with Geza Vermes},
  xdata      = {series_jsj_sup,pub_brill},
}

@xdata{journal_dsd,
  journaltitle = {Dead Sea Discoveries},
  shortjournal = {DSD},
}

@xdata{journal_eretz-israel,
  journaltitle = {Eretz-Israel},
  shortjournal = {ErIsr},
}

@xdata{journal_jbl,
  journaltitle = {Journal of Biblical Literature},
  shortjournal = {JBL},
}

@xdata{journal_jjs,
  journaltitle = {Journal of Jewish Studies},
  shortjournal = {JJS},
}

@xdata{journal_textus,
  journaltitle = {Textus},
  shortjournal = {Text},
}

@xdata{pub_brill,
  location  = {Leiden},
  publisher = {Brill},
}

@xdata{pub_eerdmans,
  location  = {Grand Rapids, MI},
  publisher = {Eerdmans},
}

@xdata{pub_fortress,
  location  = {Philadelphia},
  publisher = {Fortress},
}

@xdata{pub_mohrsiebeck,
  location  = {Tübingen},
  publisher = {Mohr Siebeck},
}

@xdata{pub_scholars,
  location  = {Atlanta},
  publisher = {Scholars Press},
}

@xdata{pub_ttclark,
  location  = {London},
  publisher = {T \& T Clark},
}

@xdata{pub_ttclark_ed,
  location  = {Edinburgh},
  publisher = {T \& T Clark},
}

@xdata{pub_van_gorcum,
  location  = {Assen},
  publisher = {Van Gorcum},
}

@xdata{series_bmi,
  series      = {Bible and Its Modern Interpreters},
  shortseries = {BMI},
}

@xdata{series_srb,
  series      = {Studies in Rewritten Bible},
  shortseries = {SRB},
}

@xdata{series_sdss,
  series      = {Studies in the Dead Sea Scrolls and Related Literature},
  shortseries = {SDSS},
}

@xdata{series_jsj_sup,
  series      = {Supplements to the Journal for the Study of Judaism},
  shortseries = {JSJsup},
}

@xdata{series_lsts,
  series      = {The Library of Second Temple Studies},
  shortseries = {LSTS},
}

@xdata{series_wunt,
  series      = {Wissenschaftliche Untersuchungen zum Neuen Testament},
  shortseries = {WUNT},
}

