@book{vermes1961,
  author = {Vermes, Geza},
  date = {1961},
  location = {Leiden},
  number = {4},
  publisher = {E.J. Brill},
  series = {Studia Post-Biblica},
  shortseries = {StPB},
  shorttitle = {Scripture and {{Tradition}} in {{Judaism}}},
  title = {Scripture and {{Tradition}} in {{Judaism}}: {{Haggadic Studies}}},
}

@incollection{vermes2014,
  author = {Vermes, Geza},
  crossref = {zsengeller2014},
  pages = {1--9},
  shorttitle = {The Genesis of the Concept of ``Rewritten Bible''},
  title = {The Genesis of the Concept of ``Rewritten Bible''},
}

@book{zsengeller2014,
  booktitle = {Rewritten Bible after Fifty Years: Texts, Terms, or Techniques? A Last Dialogue with Geza Vermes},
  date = {2014},
  editor = {Zsengellér, József},
  location = {Leiden},
  number = {166},
  publisher = {E.J. Brill},
  series = {Supplements to the Journal for the Study of Judaism},
  shortseries = {JSJsup},
  shorttitle = {Rewritten Bible after Fifty Years},
  title = {Rewritten Bible after Fifty Years: Texts, Terms, or Techniques? A Last Dialogue with Geza Vermes},
}

